<record><leader>00000cas a22000007a 4500</leader><controlfield tag="001">19380657</controlfield><controlfield tag="008">890317d19061948aruwr ne      0    0eng d</controlfield><datafield ind1=" " ind2=" " tag="010"><subfield code="a">sn 89051109 </subfield></datafield><datafield ind1=" " ind2=" " tag="040"><subfield code="a">ANU</subfield><subfield code="b">eng</subfield><subfield code="c">ANU</subfield><subfield code="d">OCLCQ</subfield></datafield><datafield ind1=" " ind2=" " tag="042"><subfield code="a">msc</subfield></datafield><datafield ind1="0" ind2="0" tag="245"><subfield code="a">Eureka Springs flashlight.</subfield></datafield><datafield ind1="1" ind2="7" tag="246"><subfield code="a">Weekly flashlight</subfield></datafield><datafield ind1=" " ind2=" " tag="260"><subfield code="a">Eureka Springs, Ark. :</subfield><subfield code="b">Malone &amp; Barrows</subfield></datafield><datafield ind1=" " ind2=" " tag="300"><subfield code="a">v.</subfield></datafield><datafield ind1=" " ind2=" " tag="310"><subfield code="a">Weekly</subfield></datafield><datafield ind1="1" ind2=" " tag="362"><subfield code="a">Began in 1906; ceased in 1948.</subfield></datafield><datafield ind1=" " ind2=" " tag="500"><subfield code="a">"A paper published in the interests of high-class citizens and unalterably opposed to dead beats, grafts and sore heads."</subfield></datafield><datafield ind1=" " ind2=" " tag="588"><subfield code="a">Description based on: Vol. 10, no. 47 (Dec. 7, 1906).</subfield></datafield><datafield ind1=" " ind2="4" tag="651"><subfield code="a">Eureka Springs (Ark.)</subfield><subfield code="v">Newspapers.</subfield></datafield><datafield ind1=" " ind2="4" tag="651"><subfield code="a">Carroll County (Ark.)</subfield><subfield code="v">Newspapers.</subfield></datafield><datafield ind1=" " ind2=" " tag="752"><subfield code="a">United States</subfield><subfield code="b">Arkansas</subfield><subfield code="c">Carroll</subfield><subfield code="d">Eureka Springs.</subfield></datafield><datafield ind1="0" ind2=" " tag="775"><subfield code="t">Daily times-echo</subfield><subfield code="w">(DLC)sn 85067285</subfield></datafield><datafield ind1="0" ind2="0" tag="780"><subfield code="t">Weekly flashlight</subfield><subfield code="w">(DLC)sn 89051105</subfield></datafield><datafield ind1="0" ind2="7" tag="785"><subfield code="t">Time-echo (Eureka Springs, Ark. : 1946)</subfield><subfield code="w">(DLC)sn 89051107</subfield></datafield><datafield ind1="0" ind2="7" tag="785"><subfield code="t">Eureka Springs times-echo and flashlight</subfield><subfield code="w">(DLC)sn 89051106</subfield></datafield></record>